<record><leader>00000cas a2200000 a 4500</leader><controlfield tag="001">15986981</controlfield><controlfield tag="008">870616d1918194unyuwr ne      0    0jpn c</controlfield><datafield ind1=" " ind2=" " tag="010"><subfield code="a">sn 87090500 </subfield></datafield><datafield ind1=" " ind2=" " tag="040"><subfield code="a">PPM</subfield><subfield code="b">eng</subfield><subfield code="c">PPM</subfield><subfield code="d">YOX</subfield><subfield code="d">CNK</subfield><subfield code="d">NVF</subfield><subfield code="d">OCLCQ</subfield><subfield code="d">DLC</subfield><subfield code="d">OCLCQ</subfield><subfield code="d">OCLCF</subfield><subfield code="d">OCLCO</subfield></datafield><datafield ind1=" " ind2=" " tag="066"><subfield code="c">$1</subfield></datafield><datafield ind1="1" ind2=" " tag="029"><subfield code="a">AU@</subfield><subfield code="b">000015765514</subfield></datafield><datafield ind1="1" ind2=" " tag="029"><subfield code="a">AU@</subfield><subfield code="b">000025826730</subfield></datafield><datafield ind1="0" ind2=" " tag="041"><subfield code="a">jpneng</subfield></datafield><datafield ind1=" " ind2=" " tag="042"><subfield code="a">pcc</subfield></datafield><datafield ind1=" " ind2=" " tag="043"><subfield code="a">n-us-ny</subfield></datafield><datafield ind1="0" ind2="0" tag="050"><subfield code="a">Newspaper</subfield></datafield><datafield ind1="0" ind2="0" tag="245"><subfield code="6">880-01</subfield><subfield code="a">Nichi-Bei Jiho&#772;.</subfield></datafield><datafield ind1="3" ind2=" " tag="246"><subfield code="a">Japanese American commercial weekly</subfield></datafield><datafield ind1="1" ind2="5" tag="246"><subfield code="a">Japanese-American</subfield><subfield code="f">Dec. 29, 1923-&lt;Nov. 29, 1941&gt;</subfield></datafield><datafield ind1=" " ind2=" " tag="260"><subfield code="a">New York, N.Y. :</subfield><subfield code="b">T. Shimakawa</subfield></datafield><datafield ind1=" " ind2=" " tag="310"><subfield code="a">Weekly,</subfield><subfield code="b">Mar. 4, 1933-&lt;Nov. 29, 1941&gt;</subfield></datafield><datafield ind1=" " ind2=" " tag="321"><subfield code="a">Weekly,</subfield><subfield code="b">1918-June 6, 1931</subfield></datafield><datafield ind1=" " ind2=" " tag="321"><subfield code="a">Semiweekly,</subfield><subfield code="b">June 10, 1931-Feb. 1, 1933</subfield></datafield><datafield ind1="0" ind2=" " tag="362"><subfield code="a">Vol. 19, no. 911 (Dec. 28, 1918)-</subfield></datafield><datafield ind1=" " ind2=" " tag="515"><subfield code="a">Vol. numbering is irregular.</subfield></datafield><datafield ind1=" " ind2=" " tag="530"><subfield code="a">Also issued on microfilm from the Library of Congress, Photoduplication Service.</subfield></datafield><datafield ind1=" " ind2=" " tag="546"><subfield code="a">In Japanese and English.</subfield></datafield><datafield ind1=" " ind2=" " tag="580"><subfield code="a">English eds.: The Japanese American. English section, &lt;1931&gt;-1938; Japanese American review, 1939-&lt;1941&gt;.</subfield></datafield><datafield ind1=" " ind2="0" tag="650"><subfield code="a">Japanese</subfield><subfield code="z">United States</subfield><subfield code="v">Newspapers.</subfield></datafield><datafield ind1=" " ind2="0" tag="651"><subfield code="a">New York (N.Y.)</subfield><subfield code="v">Newspapers.</subfield></datafield><datafield ind1=" " ind2="7" tag="655"><subfield code="a">Newspapers.</subfield><subfield code="2">fast</subfield><subfield code="0">(OCoLC)fst01423814</subfield></datafield><datafield ind1=" " ind2="7" tag="650"><subfield code="a">Japanese.</subfield><subfield code="2">fast</subfield><subfield code="0">(OCoLC)fst00981362</subfield></datafield><datafield ind1=" " ind2="7" tag="651"><subfield code="a">New York (State)</subfield><subfield code="z">New York.</subfield><subfield code="2">fast</subfield><subfield code="0">(OCoLC)fst01204333</subfield></datafield><datafield ind1=" " ind2="7" tag="651"><subfield code="a">United States.</subfield><subfield code="2">fast</subfield><subfield code="0">(OCoLC)fst01204155</subfield></datafield><datafield ind1=" " ind2=" " tag="752"><subfield code="a">United States</subfield><subfield code="b">New York</subfield><subfield code="c">New York</subfield><subfield code="d">New York.</subfield></datafield><datafield ind1="1" ind2=" " tag="775"><subfield code="t">Japanese American. English section</subfield><subfield code="w">(DLC)sn 83045142</subfield></datafield><datafield ind1="1" ind2=" " tag="775"><subfield code="t">Japanese American review</subfield><subfield code="w">(DLC)sn 83030065</subfield></datafield><datafield ind1="0" ind2="0" tag="780"><subfield code="t">Nichi-Bei shu&#772;ho&#772;</subfield><subfield code="w">(DLC)sn 83030506</subfield></datafield><datafield ind1="0" ind2="0" tag="880"><subfield code="6">245-01/$1</subfield><subfield code="a">&#26085;&#31859;&#26178;&#22577;.</subfield></datafield></record>